@ARTICLE{Jain:1999,
	author = {A.K. Jain and M.N. Murty and  P.J. Flynn},
	title = {{D}ata {C}lustering: A Review},
	journal = {ACM Computing Surveys},
	year = {1999},
	volume = {31},
	pages = {264-323},
	number = {3},
	month = {Sept},
	publisher = {ACM Computing Surveys}
}

@CONFERENCE{Martin:2004,
	author = {Benjamim C. M. Fung and Ke Wang and Martin Ester},
	title = {{H}ierarchical {D}ocument {C}lustering {U}sing {F}requent {I}temsets},
	booktitle = {},
	year = {2003}
}